1CClientBankExchange
ВерсияФормата=1
Кодировка=Windows
Отправитель=Комплексная конфигурация, редакция 4.2
ДатаНачала=20.01.2012
ДатаКонца=20.01.2012
РасчСчет=40802810300001624877
СекцияРасчСчет
ДатаНачала=20.01.2012
ДатаКонца=20.01.2012
РасчСчет=40802810300001624877
НачальныйОстаток=354172.18
ВсегоПоступило=98320.00
ВсегоСписано=0.00
КонечныйОстаток=452492.18
КонецРасчСчет
СекцияДокумент=Платежное поручение
Дата=20.01.2012
ДатаПоступило=20.01.2012
Сумма=86020.00
НазначениеПлатежа=Оплата по счету 2 от 12.01.2012 за статистические данные о движении лекарственных препаратов  Без налога (НДС).
Номер=43
ПлательщикСчет=40702810600000701458
Плательщик1=ООО "ЦМИ "Фармэксперт"
ПлательщикИНН=7728623589
ПлательщикБИК=044583551
ПлательщикБанк1=ООО КБ "АРЕСБАНК" Г МОСКВА
ПлательщикКорсчет=30101810200000000551
ПлательщикКПП=772801001
ПолучательСчет=40802810300001624877
Получатель1=ЕПИХИН МИХАИЛ КОНСТАНТИНОВИЧ (ИП)
ПолучательИНН=366308162530
ПолучательБИК=044525700
ПолучательБанк1=ЗАО "Райффайзенбанк" г. Москва
ПолучательКорсчет=30101810200000000700
ПолучательКПП=
ВидОплаты=01
КонецДокумента
СекцияДокумент=Прочее
Дата=20.01.2012
ДатаПоступило=20.01.2012
Сумма=4800.00
НазначениеПлатежа=Зачисл.ср-в со счета невыясн.FR4942.На осн.пп.№ 7.ИНН 362709511020.Назн.пп: По счету №201202573 от 10.01.2012г.по договору №5845 Cумма 4800-00,без налога (НДС).
Номер=ABAB/AJ9/015/016
ПлательщикСчет=47416810400000014942
Плательщик1=ЗАО "Райффайзенбанк" г. Москва
ПлательщикИНН=7744000302
ПлательщикБИК=044525700
ПлательщикБанк1=ЗАО "Райффайзенбанк" г. Москва
ПлательщикКорсчет=30101810200000000700
ПлательщикКПП=997950001
ПолучательСчет=40802810300001624877
Получатель1=ЕПИХИН МИХАИЛ КОНСТАНТИНОВИЧ (ИП)
ПолучательИНН=366308162530
ПолучательБИК=044525700
ПолучательБанк1=ЗАО "Райффайзенбанк" г. Москва
ПолучательКорсчет=30101810200000000700
ПолучательКПП=
ВидОплаты=17
КонецДокумента
СекцияДокумент=Платежное поручение
Дата=19.01.2012
ДатаПоступило=20.01.2012
Сумма=3000.00
НазначениеПлатежа=Обеспечение доступа ИС (мониторингу фармрынка) январь, февраль.март 2012г по договоу N3750
Номер=58
ПлательщикСчет=30302810000006001300
Плательщик1=ООО "Фармсервис" Отделение N3854 Сбербанка России р/с 40702810613160100177 в ЦЕНТРАЛЬНО-ЧЕРНОЗЕМНЫЙ БАНК СБЕРБАНКА РОССИИ Г.ВОРОНЕЖ
ПлательщикИНН=3652004035
ПлательщикБИК=044525225
ПлательщикБанк1=ОАО "СБЕРБАНК РОССИИ" Г МОСКВА
ПлательщикКорсчет=30101810400000000225
ПлательщикКПП=365200101
ПолучательСчет=40802810300001624877
Получатель1=ЕПИХИН МИХАИЛ КОНСТАНТИНОВИЧ (ИП)
ПолучательИНН=366308162530
ПолучательБИК=044525700
ПолучательБанк1=ЗАО "Райффайзенбанк" г. Москва
ПолучательКорсчет=30101810200000000700
ПолучательКПП=
ВидОплаты=01
КонецДокумента
СекцияДокумент=Платежное поручение
Дата=19.01.2012
ДатаПоступило=20.01.2012
Сумма=2400.00
НазначениеПлатежа=Оплата по сч. N 10.01.2012 г.за обеспечение доступа к ИС в январе-марте 2012 г. Без НДС
Номер=16
ПлательщикСчет=30302810000006001300
Плательщик1=ИП Гейдарова Валентина Николаевна р/с 40802810713160005056 в ЦЕНТРАЛЬНО-ЧЕРНОЗЕМНЫЙ БАНК СБЕРБАНКА РОССИИ Г.ВОРОНЕЖ
ПлательщикИНН=360300146102
ПлательщикБИК=044525225
ПлательщикБанк1=ОАО "СБЕРБАНК РОССИИ" Г МОСКВА
ПлательщикКорсчет=30101810400000000225
ПлательщикКПП=
ПолучательСчет=40802810300001624877
Получатель1=ЕПИХИН МИХАИЛ КОНСТАНТИНОВИЧ (ИП)
ПолучательИНН=366308162530
ПолучательБИК=044525700
ПолучательБанк1=ЗАО "Райффайзенбанк" г. Москва
ПолучательКорсчет=30101810200000000700
ПолучательКПП=
ВидОплаты=01
КонецДокумента
СекцияДокумент=Платежное поручение
Дата=19.01.2012
ДатаПоступило=20.01.2012
Сумма=2100.00
НазначениеПлатежа=Оплата за обеспечение доступа к ИС ( 1 квартал 2012г.) Сумма 2100-00.  НДС не облагается
Номер=6
ПлательщикСчет=30302810000006001300
Плательщик1=Шипилова Г.Е. - индивидуальный предприниматель Семилукское ОСБ №3825 р/с 40802810613310001887 в ЦЕНТРАЛЬНО-ЧЕРНОЗЕМНЫЙ БАНК СБЕРБАНКА РОССИИ Г.ВОРОНЕЖ
ПлательщикИНН=361500025900
ПлательщикБИК=044525225
ПлательщикБанк1=ОАО "СБЕРБАНК РОССИИ" Г МОСКВА
ПлательщикКорсчет=30101810400000000225
ПлательщикКПП=0
ПолучательСчет=40802810300001624877
Получатель1=ЕПИХИН МИХАИЛ КОНСТАНТИНОВИЧ (ИП)
ПолучательИНН=366308162530
ПолучательБИК=044525700
ПолучательБанк1=ЗАО "Райффайзенбанк" г. Москва
ПолучательКорсчет=30101810200000000700
ПолучательКПП=
ВидОплаты=01
КонецДокумента

КонецФайла
